%% This BibTeX bibliography file was created using BibDesk.
%% http://bibdesk.sourceforge.net/


%% Created for Sherine Awad at 2015-02-10 16:48:40 -0500 


%% Saved with string encoding Unicode (UTF-8) 


@article{streaming, 
	Author = {Zhang Qingpeng and Awad Sherine and  Brown Titus},
	Journal = { PeerJ PrePrints 3:e1100 https://dx.doi.org/10.7287/peerj.preprints.890v1},  
	Title = {Crossing the streams: a framework for streaming analysis of short DNA sequencing reads.}, 
	Year = {2015}}
,
@article{velvet,
	Author = {Daniel R. Zerbino and Ewan Birney},
	Journal = {Genome Research},
	Pages = {821-829},
	Title = {Velvet: algorithms for de novo short read assembly using de Bruijn graphs},
	Volume = {18},
	Year = {2008}}
,
@article{idba,
	Author = {Yu Peng and Henry C.M. Leung and S.M. Yiu and Francis Y.L. Chin},
	Journal = {Bioinformatics},
	Pages = {1420-1428},
	Title = {IDBA-UD: a de novo assembler for single-cell and metagenomic sequencing data with highly uneven depth},
	Volume = {28},
	Year = {2012}}
,
@article{spades,
	Author = {Anton Bankevich and Sergey Nurk and Dmitry Antipov and Alexey A. Gurevich and Mikhail Dvorkin and Alexander S. Kulikov and Valery M. Lesin and Sergey I. Nikolenko and Son Pham and Andrey D. Prjibelski and Alexey V. Pyshkin and Alexander V. Sirotkin and Nikolay Vyahhi and Glenn Tesler and Max A. Alekseyev and Pavel A. Pevzner},
	Journal = {Journal of Computational Biology},
	Number = {5},
	Pages = {455-477},
	Title = {SPAdes: A New Genome Assembly Algorithm and Its Applications to Single-Cell Sequencing},
	Volume = {19},
	Year = {2012}}

@article{trimmomatic,
	Author = {Anthony M. Bolger and Marc Lohse and Bjoern Usadel},
	Journal = {Bioinformatics},
	Number = {15},
	Pages = {2114-2120},
	Title = {Trimmomatic: A flexible trimmer for Illumina Sequence Data},
	Volume = {30},
	Year = {2014}}
,
@article{samtools,
	Author ={Li Heng and Bob Handsaker and Alec Wysoker and Tim Fennell and Jue Ruan and Nils Homer and Gabor Marth and Goncalo Abecasis and Richard Durbin}, 
	Journal = {Bioinformatics},
	Pages={2078-2079},
	Number = {16},
	Title = {The Sequence Alignment/Map format and SAMtools},
	Volume = {25},
	Year = {2009}}
,
@article{megahit,
  title={MEGAHIT v1. 0: A fast and scalable metagenome assembler driven by advanced methodologies and community practices},
  author={Li, Dinghua and Luo, Ruibang and Liu, Chi-Man and Leung, Chi-Ming and Ting, Hing-Fung and Sadakane, Kunihiko and Yamashita, Hiroshi and Lam, Tak-Wah},
  journal={Methods},
  volume={102},
  pages={3--11},
  year={2016},
  publisher={Elsevier}
}
,

@article{podar,
        Author = {Shakya Migun and Christopher Quince and James Campbell and Zamin Yang and Christopher Schadt and Mircea Podar},
        Journal = {Enivromental Microbiology},
        Number = {6},
        Title = {Comparative metagenomic and rRNA microbial diversity characterization using archaeal and bacterial synthetic communities},
        Volume = {15},
         Pages={1882-1899},
        Year = {2013}}
,

@article{bwa-mem,
  title={Aligning sequence reads, clone sequences and assembly contigs with BWA-MEM},
  author={Li, Heng},
  journal={arXiv preprint arXiv:1303.3997},
  year={2013}
},

@article{bwa,
  title={Fast and accurate short read alignment with Burrows--Wheeler transform},
  author={Li, Heng and Durbin, Richard},
  journal={Bioinformatics},
  volume={25},
  number={14},
  pages={1754--1760},
  year={2009},
  publisher={Oxford Univ Press}
},

@article{bowtie2,
  title={Fast gapped-read alignment with Bowtie 2},
  author={Langmead, Ben and Salzberg, Steven L},
  journal={Nature methods},
  volume={9},
  number={4},
  pages={357--359},
  year={2012},
  publisher={Nature Publishing Group}
},

@article{jpell2012,
  title={Scaling metagenome sequence assembly with probabilistic de Bruijn graphs},
  author={Pell, Jason and Hintze, Arend and Canino-Koning, Rosangela and Howe, Adina and Tiedje, James M and Brown, C Titus},
  journal={Proceedings of the National Academy of Sciences},
  volume={109},
  number={33},
  pages={13272--13277},
  year={2012},
  publisher={National Acad Sciences}
},

@online{FXtoolkit,
  author =  {Hannon Lab},
  title = {FASTX Toolkit},
  year = {},
  url ={hannonlab.cshl.edu/fastx\_toolkit/index.html} , 
  urldate ={}
},

@article{ahowe2014,
  title={Tackling soil diversity with the assembly of large, complex metagenomes},
  author={Howe, Adina Chuang and Jansson, Janet K and Malfatti, Stephanie A and Tringe, Susannah G and Tiedje, James M and Brown, C Titus},
  journal={Proceedings of the National Academy of Sciences},
  volume={111},
  number={13},
  pages={4904--4909},
  year={2014},
  publisher={National Acad Sciences}
},

@article{brown2012,
  title={A reference-free algorithm for computational normalization of shotgun sequencing data},
  author={Brown, C Titus and Howe, Adina and Zhang, Qingpeng and Pyrkosz, Alexis B and Brom, Timothy H},
  journal={arXiv preprint arXiv:1203.4802},
  year={2012}
},

@article{qingpeng2014,
  title={These Are Not the K-mers You Are Looking For: Efficient Online K-mer Counting Using a Probabilistic Data Structure},
  author={Zhang, Qingpeng and Pell, Jason and Canino-Koning, Rosangela and Howe, Adina Chuang and Brown, C Titus},
  journal={PLoS One},
  volume={9},
  number={7},
  year={2014},
  publisher={Public Library of Science}
}
,
@article{sam-stools,
  title={The sequence alignment/map format and SAMtools},
  author={Li, Heng and Handsaker, Bob and Wysoker, Alec and Fennell, Tim and Ruan, Jue and Homer, Nils and Marth, Gabor and Abecasis, Goncalo and Durbin, Richard and others},
  journal={Bioinformatics},
  volume={25},
  number={16},
  pages={2078--2079},
  year={2009},
  publisher={Oxford Univ Press}
}
,  
@article{metaclass,
  title={An evaluation of the accuracy and speed of metagenome analysis tools},
  author={Lindgreen, Stinus and Adair, Karen L and Gardner, Paul P},
  journal={Scientific reports},
  volume={6},
  year={2016},
  publisher={Nature Publishing Group}
},
@article{huzefa2011,
  title={Evaluation of short read metagenomic assembly},
  author={Charuvaka, Anveshi and Rangwala, Huzefa},
  journal={BMC genomics},
  volume={12},
  number={2},
  pages={1},
  year={2011},
  publisher={BioMed Central}
}, 
@article{abyss,
  title={ABySS: a parallel assembler for short read sequence data},
  author={Simpson, Jared T and Wong, Kim and Jackman, Shaun D and Schein, Jacqueline E and Jones, Steven JM and Birol, Inan{\c{c}}},
  journal={Genome research},
  volume={19},
  number={6},
  pages={1117--1123},
  year={2009},
  publisher={Cold Spring Harbor Lab}
},
@article{mavromatis2007,
  title={Use of simulated data sets to evaluate the fidelity of metagenomic processing methods},
  author={Mavromatis, Konstantinos and Ivanova, Natalia and Barry, Kerrie and Shapiro, Harris and Goltsman, Eugene and McHardy, Alice C and Rigoutsos, Isidore and Salamov, Asaf and Korzeniewski, Frank and Land, Miriam and others},
  journal={Nature methods},
  volume={4},
  number={6},
  pages={495--500},
  year={2007},
  publisher={Nature Publishing Group}
},
@article{arachne,
  title={Whole-genome sequence assembly for mammalian genomes: Arachne 2},
  author={Jaffe, David B and Butler, Jonathan and Gnerre, Sante and Mauceli, Evan and Lindblad-Toh, Kerstin and Mesirov, Jill P and Zody, Michael C and Lander, Eric S},
  journal={Genome research},
  volume={13},
  number={1},
  pages={91--96},
  year={2003},
  publisher={Cold Spring Harbor Lab}
},
@article{jazz,
  title={Whole-genome shotgun assembly and analysis of the genome of Fugu rubripes},
  author={Aparicio, Samuel and Chapman, Jarrod and Stupka, Elia and Putnam, Nik and Chia, Jer-ming and Dehal, Paramvir and Christoffels, Alan and Rash, Sam and Hoon, Shawn and Smit, Arian and others},
  journal={Science},
  volume={297},
  number={5585},
  pages={1301--1310},
  year={2002},
  publisher={American Association for the Advancement of Science}
},
 @article{moya2014,
  title={Comparison of different assembly and annotation tools on analysis of simulated viral metagenomic communities in the gut},
  author={V{\'a}zquez-Castellanos, Jorge F and Garc{\'\i}a-L{\'o}pez, Rodrigo and P{\'e}rez-Brocal, Vicente and Pignatelli, Miguel and Moya, Andr{\'e}s},
  journal={BMC genomics},
  volume={15},
  number={1},
  pages={1},
  year={2014},
  publisher={BioMed Central}
},
@article{mummer3.0,
  title={Versatile and open software for comparing large genomes},
  author={Kurtz, Stefan and Phillippy, Adam and Delcher, Arthur L and Smoot, Michael and Shumway, Martin and Antonescu, Corina and Salzberg, Steven L},
  journal={Genome biology},
  volume={5},
  number={2},
  pages={1},
  year={2004},
  publisher={BioMed Central}
},
@article{samstat,
  title={SAMStat: monitoring biases in next generation sequencing data},
  author={Lassmann, Timo and Hayashizaki, Yoshihide and Daub, Carsten O},
  journal={Bioinformatics},
  volume={27},
  number={1},
  pages={130--131},
  year={2011},
  publisher={Oxford Univ Press}
},
@article{prokka,
  title={Prokka: rapid prokaryotic genome annotation},
  author={Seemann, Torsten},
  journal={Bioinformatics},
  pages={btu153},
  year={2014},
  publisher={Oxford Univ Press}
}
